 @article{bertsimas2015design,
  title={Design of near optimal decision rules in multistage adaptive mixed-integer optimization},
  author={Bertsimas, Dimitris and Georghiou, Angelos},
  journal={Operations Research},
  volume={63},
  number={3},
  pages={610--627},
  year={2015},
  publisher={INFORMS}
}

@article{wang2019solution,
  title={A solution approach to distributionally robust chance-constrained assignment problems},
  author={Wang, Shanshan and Li, Jinlin and Mehrotra, Sanjay},
  journal={INFORMS Journal on Optimization},
  year={2019}
}
@book{postek2014tractable,
  title={Tractable counterparts of distributionally robust constraints on risk measures},
  author={Postek, Krzysztof S and den Hertog, Dirk and Melenberg, Bertrand and others},
  year={2014},
  publisher={Center for Economic Research}
}